<record><leader>00000cas a22000007a 4500</leader><controlfield tag="001">11796268</controlfield><controlfield tag="008">850312d19181919iauir ne      0    0eng d</controlfield><datafield ind1=" " ind2=" " tag="010"><subfield code="a">sn 85050768 </subfield></datafield><datafield ind1=" " ind2=" " tag="040"><subfield code="a">INP</subfield><subfield code="b">eng</subfield><subfield code="c">INP</subfield><subfield code="d">OCLCQ</subfield></datafield><datafield ind1=" " ind2=" " tag="042"><subfield code="a">msc</subfield></datafield><datafield ind1="0" ind2="0" tag="245"><subfield code="a">Ames tri-weekly tribune.</subfield></datafield><datafield ind1="3" ind2="0" tag="246"><subfield code="a">Tri-weekly tribune</subfield></datafield><datafield ind1="3" ind2="0" tag="246"><subfield code="a">Ames weekly tribune</subfield></datafield><datafield ind1=" " ind2=" " tag="260"><subfield code="a">Ames, Iowa :</subfield><subfield code="b">Tribune Pub. Co.,</subfield><subfield code="c">1918-1919.</subfield></datafield><datafield ind1=" " ind2=" " tag="300"><subfield code="a">2 v. :</subfield><subfield code="b">ill. ;</subfield><subfield code="c">58 cm.</subfield></datafield><datafield ind1=" " ind2=" " tag="310"><subfield code="a">Triweekly</subfield></datafield><datafield ind1="0" ind2=" " tag="362"><subfield code="a">Vol. 52, no. 16 (Apr. 1, 1918)-v. 53, no. 56 (July 10, 1919).</subfield></datafield><datafield ind1=" " ind2=" " tag="500"><subfield code="a">Published as: Ames weekly tribune, July 10, 1919.</subfield></datafield><datafield ind1=" " ind2=" " tag="500"><subfield code="a">Originally edited by: W.G. Williams.</subfield></datafield><datafield ind1=" " ind2=" " tag="752"><subfield code="a">United States</subfield><subfield code="b">Iowa</subfield><subfield code="c">Story</subfield><subfield code="d">Ames.</subfield></datafield><datafield ind1="0" ind2="0" tag="780"><subfield code="t">Ames weekly tribune</subfield><subfield code="w">(DLC)sn 85050759</subfield></datafield><datafield ind1="0" ind2="7" tag="785"><subfield code="t">Ames evening times</subfield><subfield code="w">(DLC)sn 85050765</subfield></datafield><datafield ind1="0" ind2="7" tag="785"><subfield code="t">Ames daily tribune and Ames evening times</subfield><subfield code="w">(DLC)sn 85050760</subfield></datafield><datafield ind1="1" ind2=" " tag="029"><subfield code="a">AU@</subfield><subfield code="b">000025786702</subfield></datafield></record>